@book{neumann_1947_theory,
  author = {Neumann, Von and Oskar Morgenstern},
  publisher = {Princeton University Press},
  title = {Theory of Games and Economic Behavior. (Second edition.).},
  url ={https://www.amazon.com/Theory-Games-Economic-Behavior-Commemorative/dp/0691130612},
  year = {1947}
}

@article{nash_1951_noncooperative,
  author = {Nash, John},
  month = {09},
  pages = {286},
  title = {Non-Cooperative Games},
  url = {https://www.cs.vu.nl/~eliens/download/paper-Nash51.pdf},
  doi = {10.2307/1969529},
  volume = {54},
  year = {1951},
  journal = {The Annals of Mathematics}
}

@book{vonneumann_1944_theory,
  author = {Von Neumann, John and Morgenstern, Oskar},
  publisher = {Princeton University Press},
  title = {Theory of Games and Economic Behavior},
  year = {1944},
  url = {https://press.princeton.edu/books/paperback/9780691130613/theory-of-games-and-economic-behavior},
}

@article{vonneumann_1928_zur,
  author = {Von Neumann, John},
  month = {12},
  pages = {295-320},
  title = {Zur Theorie der Gesellschaftsspiele},
  url = {https://cs.uwaterloo.ca/~y328yu/classics/vonNeumann.pdf},
  doi = {10.1007/bf01448847},
  urldate = {2020-09-15},
  volume = {100},
  year = {1928},
  journal = {Mathematische Annalen}
}

@article{harsanyi_1967_games,
  author = {Harsanyi, John C.},
  month = {11},
  pages = {159-182},
  title = {Games with Incomplete Information Played by “Bayesian” Players},
  url = {http://www.dklevine.com/archive/refs41175.pdf},
  doi = {10.1287/mnsc.14.3.159},
  urldate = {2020-11-17},
  volume = {14},
  year = {1967},
  journal = {Management Science}
}

@article{selten_1965_spieltheoretische,
  author = {Selten, Reinhard},
  title = {Spieltheoretische Behandlung eines Oligopolmodells mit Nachfrageträgheit},
  url = {https://www.econbiz.de/Record/spieltheoretische-behandlung-eines-oligopolmodells-mit-nachfragetr%C3%A4gheit-selten-reinhard/10002792917},
  urldate = {2022-04-10},
  volume = {121},
  year = {1965},
  journal = {Zeitschrift für die gesamte Staatswissenschaft : ZgS}
}

@article{rj_1985_what,
  author = {R.J., Aumann},
  title = {What Is Game Theory Trying to Accomplish?},
  url = {https://www.scirp.org/(S(351jmbntvnsjt1aadkozje))/reference/referencespapers.aspx?referenceid=2126572},
  volume = {Basil Blackwell, Oxford, 5},
  year = {1985},
  journal = {Frontiers of Economics}
}

@book{shoham2008multiagent,
  title={Multiagent systems: Algorithmic, game-theoretic, and logical foundations},
  author={Shoham, Yoav and Leyton-Brown, Kevin},
  year={2008},
  publisher={Cambridge University Press},
  url = {https://dl.acm.org/doi/pdf/10.1145/1753171.1753181}
  }
  
  @book{osborne1994course,
  title={A course in game theory},
  author={Osborne, Martin J and Rubinstein, Ariel},
  year={1994},
  publisher={MIT press},
  url={https://www.sciencedirect.com/science/article/pii/S0899825699907236}
}
@article{nash1951,
 ISSN = {0003486X},
 URL = {http://www.jstor.org/stable/1969529},
 author = {John Nash},
 journal = {Annals of Mathematics},
 number = {2},
 pages = {286--295},
 publisher = {Annals of Mathematics},
 title = {Non-Cooperative Games},
 urldate = {2022-04-10},
 volume = {54},
 year = {1951}
}

@book{Nash_1960_theory,
  author = {Nash, J, F.},
  publisher = {Princeton University Press},
  title = {Non-Cooperative Games.},
  year = {1950}
}

@book{myerson_1980_theory,
  author = {Myerson, Roger B. },
  publisher = {Harvard University Press},
  title = {Game Theory: Analysis of Conflict.},
  year = {1991}
}

@article{fudenberg1991perfect,
  title={Perfect Bayesian equilibrium and sequential equilibrium},
  author={Fudenberg, Drew and Tirole, Jean},
  journal={journal of Economic Theory},
  volume={53},
  number={2},
  pages={236--260},
  year={1991},
  publisher={Elsevier}
}

  @article{newton_2018, title={Evolutionary game theory: A Renaissance}, volume={9}, DOI={10.3390/g9020031}, number={2}, journal={Games}, author={Newton, Jonathan}, year={2018}, pages={31}} 
